<record><leader>00000cas a2200000 i 4500</leader><controlfield tag="001">862145663</controlfield><controlfield tag="006">m     o  d        </controlfield><controlfield tag="007">cr |||||||||||</controlfield><controlfield tag="008">131106d18981906wauwr neo     0   a0eng  </controlfield><datafield ind1=" " ind2=" " tag="010"><subfield code="a">  2013272065</subfield></datafield><datafield ind1=" " ind2=" " tag="040"><subfield code="a">DLC</subfield><subfield code="b">eng</subfield><subfield code="e">rda</subfield><subfield code="c">DLC</subfield><subfield code="d">DLC</subfield><subfield code="d">OCLCF</subfield></datafield><datafield ind1="0" ind2=" " tag="022"><subfield code="a">2331-9429</subfield><subfield code="2">1</subfield></datafield><datafield ind1=" " ind2=" " tag="042"><subfield code="a">pcc</subfield><subfield code="a">nsdp</subfield></datafield><datafield ind1=" " ind2=" " tag="043"><subfield code="a">n-us-wa</subfield></datafield><datafield ind1="1" ind2="0" tag="050"><subfield code="a">ISSN RECORD</subfield></datafield><datafield ind1="0" ind2="0" tag="082"><subfield code="a">071</subfield><subfield code="2">23</subfield></datafield><datafield ind1="0" ind2=" " tag="130"><subfield code="a">Adams County news (Ritzville, Wash. : Online)</subfield></datafield><datafield ind1=" " ind2="0" tag="222"><subfield code="a">Adams County news</subfield><subfield code="b">(Ritzville, Wash. Online)</subfield></datafield><datafield ind1="1" ind2="0" tag="245"><subfield code="a">Adams County news.</subfield></datafield><datafield ind1=" " ind2="1" tag="264"><subfield code="a">Ritzville, Washington :</subfield><subfield code="b">J. A. Thompson,</subfield><subfield code="c">1898-1906.</subfield></datafield><datafield ind1=" " ind2=" " tag="310"><subfield code="a">Weekly</subfield></datafield><datafield ind1=" " ind2=" " tag="336"><subfield code="a">text</subfield><subfield code="b">txt</subfield><subfield code="2">rdacontent</subfield></datafield><datafield ind1=" " ind2=" " tag="337"><subfield code="a">computer</subfield><subfield code="b">c</subfield><subfield code="2">rdamedia</subfield></datafield><datafield ind1=" " ind2=" " tag="338"><subfield code="a">online resource</subfield><subfield code="b">cr</subfield><subfield code="2">rdacarrier</subfield></datafield><datafield ind1="1" ind2=" " tag="362"><subfield code="a">Began with vol. I, no. 1 (February 3, 1898); ceased  with volume 9, number 42 (October 17, 1906).</subfield></datafield><datafield ind1=" " ind2=" " tag="588"><subfield code="a">Description based on Vol. I, no. 1 (February 3, 1898); title from masthead (Chroniclingamerica.loc.gov, viewed November 6, 2013).</subfield></datafield><datafield ind1=" " ind2=" " tag="588"><subfield code="a">Latest issue consulted: Volume 9, number 42 (October 17, 1906) (Chroniclingamerica.loc.gov, viewed November 6, 2013).</subfield></datafield><datafield ind1=" " ind2="0" tag="651"><subfield code="a">Ritzville (Wash.)</subfield><subfield code="v">Newspapers.</subfield></datafield><datafield ind1=" " ind2="7" tag="655"><subfield code="a">Newspapers.</subfield><subfield code="2">fast</subfield><subfield code="0">(OCoLC)fst01423814</subfield></datafield><datafield ind1=" " ind2="7" tag="651"><subfield code="a">Washington (State)</subfield><subfield code="z">Ritzville.</subfield><subfield code="2">fast</subfield><subfield code="0">(OCoLC)fst01233875</subfield></datafield><datafield ind1=" " ind2=" " tag="752"><subfield code="a">United States</subfield><subfield code="b">Washington</subfield><subfield code="c">Adams</subfield><subfield code="d">Ritzville.</subfield></datafield><datafield ind1="0" ind2="8" tag="776"><subfield code="i">Originally issued in print:</subfield><subfield code="t">Adams County news (Ritzville, Wash.)</subfield><subfield code="x">2331-9410</subfield><subfield code="w">(DLC)sn 87093056</subfield><subfield code="w">(OCoLC)17005993</subfield></datafield><datafield ind1="0" ind2="0" tag="785"><subfield code="t">Washington State journal and Adams County news (Online)</subfield><subfield code="x">2331-9461</subfield><subfield code="w">(DLC)  2013272066</subfield><subfield code="w">(OCoLC)862149520</subfield></datafield><datafield ind1="4" ind2="0" tag="856"><subfield code="u">http://chroniclingamerica.loc.gov/lccn/sn87093056/issues</subfield></datafield></record>